<record><leader>00000cas a2200000 a 4500</leader><controlfield tag="001">12257827</controlfield><controlfield tag="008">850712d18901893ksuwr ne      0    0eng d</controlfield><datafield ind1=" " ind2=" " tag="010"><subfield code="a">sn 85031414 </subfield></datafield><datafield ind1=" " ind2=" " tag="040"><subfield code="a">KSH</subfield><subfield code="b">eng</subfield><subfield code="c">KSH</subfield><subfield code="d">NPT</subfield><subfield code="d">OCL</subfield><subfield code="d">OCLCQ</subfield><subfield code="d">CGAVW</subfield><subfield code="d">OCLCO</subfield><subfield code="d">OCLCF</subfield></datafield><datafield ind1=" " ind2=" " tag="042"><subfield code="a">msc</subfield></datafield><datafield ind1="0" ind2=" " tag="130"><subfield code="a">Journal (Coffeyville, Kan.)</subfield></datafield><datafield ind1="1" ind2="4" tag="245"><subfield code="a">The journal.</subfield></datafield><datafield ind1="1" ind2="3" tag="246"><subfield code="a">Coffeyville journal</subfield><subfield code="f">Mar. 6-June 12, 1891; Sept. 25-Dec. 4, 1891</subfield></datafield><datafield ind1=" " ind2=" " tag="260"><subfield code="a">Coffeyville, Kan. :</subfield><subfield code="b">Elliott &amp; Peffer,</subfield><subfield code="c">1890-1893.</subfield></datafield><datafield ind1=" " ind2=" " tag="300"><subfield code="a">3 v. :</subfield><subfield code="b">ill. ;</subfield><subfield code="c">67 cm.</subfield></datafield><datafield ind1=" " ind2=" " tag="310"><subfield code="a">Weekly</subfield></datafield><datafield ind1="0" ind2=" " tag="362"><subfield code="a">Vol. 15, no. 12 (Jan. 3, 1890)-v. 18, no. 3 (Mar. 17, 1893) = Whole no. 788-no. 1006; v. 18, no. 12 (Mar. 24, 1893)-v. 18, no. 49 (Dec. 8, 1893).</subfield></datafield><datafield ind1=" " ind2=" " tag="500"><subfield code="a">Special historical edition published as Vol. 18, no. 3 whole no. 1005, Mar. 10, 1893.</subfield></datafield><datafield ind1=" " ind2=" " tag="500"><subfield code="a">Published by D. Stewart Elliott, Aug. 15, 1890-Sept. 25, 1891.</subfield></datafield><datafield ind1=" " ind2=" " tag="515"><subfield code="a">Numbering is irregular.</subfield></datafield><datafield ind1=" " ind2=" " tag="525"><subfield code="a">Supplements included.</subfield></datafield><datafield ind1=" " ind2=" " tag="580"><subfield code="a">Issued also in a daily edition called: Coffeyville daily journal (Coffeyville, Kan. : 1893) June 16-Oct. 7, 1893.</subfield></datafield><datafield ind1=" " ind2="0" tag="651"><subfield code="a">Coffeyville (Kan.)</subfield><subfield code="v">Periodicals.</subfield></datafield><datafield ind1=" " ind2="0" tag="651"><subfield code="a">Coffeyville (Kan.)</subfield><subfield code="x">History</subfield><subfield code="v">Sources.</subfield></datafield><datafield ind1=" " ind2="7" tag="655"><subfield code="a">History.</subfield><subfield code="2">fast</subfield><subfield code="0">(OCoLC)fst01411628</subfield></datafield><datafield ind1=" " ind2="7" tag="655"><subfield code="a">Periodicals.</subfield><subfield code="2">fast</subfield><subfield code="0">(OCoLC)fst01411641</subfield></datafield><datafield ind1=" " ind2="7" tag="655"><subfield code="a">Sources.</subfield><subfield code="2">fast</subfield><subfield code="0">(OCoLC)fst01423900</subfield></datafield><datafield ind1=" " ind2="7" tag="651"><subfield code="a">Kansas</subfield><subfield code="z">Coffeyville.</subfield><subfield code="2">fast</subfield><subfield code="0">(OCoLC)fst01219140</subfield></datafield><datafield ind1=" " ind2=" " tag="752"><subfield code="a">United States</subfield><subfield code="b">Kansas</subfield><subfield code="c">Montgomery</subfield><subfield code="d">Coffeyville.</subfield></datafield><datafield ind1="1" ind2=" " tag="775"><subfield code="t">Coffeyville daily journal (Coffeyville, Kan. : 1893)</subfield><subfield code="w">(DLC)sn 85031417</subfield></datafield><datafield ind1="0" ind2="0" tag="780"><subfield code="t">Journal and sun</subfield><subfield code="w">(DLC)sn 85031413</subfield></datafield><datafield ind1="0" ind2="0" tag="785"><subfield code="t">Coffeyville journal (Coffeyville, Kan. : 1893)</subfield><subfield code="w">(DLC)sn 85031415</subfield></datafield></record>